@online{LotkaVolterra,
  author = {Wikipedia},
  title = {{Lotka}-{Volterra}-{Gleichungen}},
  year = 2017,
  month = nov,
  day = 24,
  url = {https://de.wikipedia.org/wiki/Lotka-Volterra-Gleichungen},
  urldate = {2017-11-24}
}

@online{ZellulaererAutomat,
  author = {Wikipedia},
  title = {{Zellul√§rer} {Automat}},
  year = 2017,
  month = nov,
  day = 24,
  url = {https://de.wikipedia.org/wiki/Zellul%C3%A4rer_Automat},
  urldate = {2017-11-24}
}